

@Article{Grey_2017,
  author          = {Grey, Darren},
  title           = {When and Why to Use Procedural Generation},
  year            = 2017,
  month           = {Jun},
  pages           = {3â€“12},
  doi             = {10.1201/9781315156378-2},
  url             = {http://dx.doi.org/10.1201/9781315156378-2},
  isbn            = 9781315156378,
  journal         = {Procedural Generation in Game Design},
  publisher       = {A K Peters/CRC Press}
}
